%%%%%%%%%%%%%%%%%%%%%%%%%%%%%%%%%%%%%%%%%%%%%%%%%%%%%%%%%%%%%%%%%%%%%%%%%%%%%%%%
%%%%%%%%%%%%%%%%%%%% INSERINDO COMENTÁRIOS EM ARQUIVOS .bib %%%%%%%%%%%%%%%%%%%%
%%%%%%%%%%%%%%%%%%%%%%%%%%%%%%%%%%%%%%%%%%%%%%%%%%%%%%%%%%%%%%%%%%%%%%%%%%%%%%%%
%
% 1. Como em outros arquivos LaTeX, comentários são iniciados por "%" e,
%    portanto, é preciso usar "\%" para imprimir o caractere "%". Esquecer
%    disso pode gerar erros difíceis de encontrar!
%
% 2. Não é possível inserir comentários dentro de uma entrada, apenas fora.
%
% 3. Não é possível incluir o caractere arroba em um comentário.
%
% 4. Se quiser desabilitar temporariamente um campo ("comentar" o campo),
%    troque seu nome para algum nome inválido, como "author-disable".
%    Se quiser fazer alguma observação permanente dentro de uma entrada,
%    você também pode usar algum nome de campo inválido, como "lembrete",
%    ou usar o campo "annotation", que normalmente é ignorado.
%
% 5. Se quiser desabilitar temporariamente uma entrada inteira ("comentar" a
%    entrada), não basta colocar "%" nas linhas correspondentes por causa do
%    caractere arroba; também é preciso remover a arroba.
%
% 6. Na verdade, as regras não são bem essas, mas segui-las é uma boa ideia:
%    https://tex.stackexchange.com/a/262282
%
% Por exemplo, esta entrada está comentada, ou seja, não tem efeito: se
% houvesse uma referência a ela no texto, a referência ficaria inválida.
% Observe que, para isso, o caractere arroba foi apagado!
%
%Book{JW82,
% author    = {Richard A. Johnson and Dean W. Wichern},
% title     = {Applied Multivariate Statistical Analysis},
% publisher = {Prentice-Hall},
% year      = {1983}
%}


%%%%%%%%%%%%%%%%%%%%%%%%%%%%%%%%%%%%%%%%%%%%%%%%%%%%%%%%%%%%%%%%%%%%%%%%%%%%%%%%
%%%%%%%%%%%%%%%%%%%%%%%%%%%%%%% O CAMPO "MONTH" %%%%%%%%%%%%%%%%%%%%%%%%%%%%%%%%
%%%%%%%%%%%%%%%%%%%%%%%%%%%%%%%%%%%%%%%%%%%%%%%%%%%%%%%%%%%%%%%%%%%%%%%%%%%%%%%%
%
% biblatex prefere o uso do campo "date" para definir ano, mês etc. No
% entanto, se você quiser garantir compatibilidade tanto com biblatex
% quanto com bibtex, use os campos "year" e "month". Ambos reconhecem
% diversos formatos para o campo "month", mas apenas um funciona
% corretamente com os dois: o nome do mês em inglês, abreviado com três
% letras minúsculas e sem chaves, ou seja:
%
% ...
% author = {Somebody},
% year = {2011},
% month = oct,
% title = {Some title},
% ...


%%%%%%%%%%%%%%%%%%%%%%%%%%%%%%%%%%%%%%%%%%%%%%%%%%%%%%%%%%%%%%%%%%%%%%%%%%%%%%%%

% Esta entrada não está em uso em tese.tex, apenas em
% apresentacao.tex, mas isso não é um problema: você pode
% ter um banco de dados com todos os papers que são de seu
% interesse e, em um dado texto, citar apenas alguns deles.
@online{stressful:bonusFinder,
  title   = {Most Stressful Video Games to Play},
  year    = {2024},
  month   = nov,
  urldate = {2024-12-10},
  url     = {https://www.bonusfinder.com/news/entertainment/most-stressful-video-games-to-play}
}

@online{publishers:country,
  title   = {Distribution of Steam publishers by country},
  year    = {2023},
  month   = oct,
  urldate = {2024-12-10},
  url     = {https://www.statista.com/statistics/1416811/steam-publishers-by-country/}
}

@online{internetGame:share,
  title   = {Share of internet users worldwide who play video games},
  year    = {2024},
  month   = nov,
  urldate = {2024-12-10},
  url     = {https://www.statista.com/statistics/195768/global-gaming-reach-by-country/}
}

@online{rubberBandAi,
  title   = {Rubber Band AI},
  year    = {2024},
  month   = aug,
  urldate = {2024-12-10},
  url     = {https://www.giantbomb.com/rubber-band-ai/3015-35/}
}

@online{bicycleModel,
  title   = {Simple Understanding of Kinematic Bicycle model},
  year    = {2021},
  month   = nov,
  urldate = {2024-12-10},
  url     = {https://www.shuffleai.blog/blog/Simple_Understanding_of_Kinematic_Bicycle_Model.html}
}

@online{horizonChaseTurbo,
  title   = {Página da Steam, Horizon Chase Turbo},
  author  = {{Aquiris Game Studio}},
  year    = {2018},
  month   = may,
  urldate = {2024-12-10},
  url     = {https://store.steampowered.com/app/389140/Horizon_Chase_Turbo/}
}

@online{chromaSquad,
  title   = {Página da Steam, Chroma Squad},
  author  = {{Behold Studios}},
  year    = {2015},
  month   = apr,
  urldate = {2024-12-10},
  url     = {https://store.steampowered.com/app/251130/Chroma_Squad/}
}

@online{dandara,
  title   = {Página da Steam, Dandara},
  author  = {{Long Hat House}},
  year    = {2018},
  month   = feb,
  urldate = {2024-12-10},
  url     = {https://store.steampowered.com/app/612390/Dandara_Trials_of_Fear_Edition/}
}

@online{aritana,
  title   = {Página da Steam, Aritana and the Harpy's Feather},
  author  = {Duaik},
  year    = {2014},
  month   = jun,
  urldate = {2024-12-10},
  url     = {https://store.steampowered.com/app/314360/Aritana_and_the_Harpys_Feather/}
}

@online{marioKart,
  title   = {Página da Wikipedia, Mario Kart},
  author  = {Nintendo},
  year    = {1992},
  urldate = {2024-12-10},
  url     = {https://pt.wikipedia.org/wiki/Super_Mario_Kart}
}

@online{bestSellingGames,
  title   = {The 10 Best-Selling Video Games of All Time},
  author  = {IGN},
  year    = {2024},
  month   = aug,
  urldate = {2024-12-10},
  url     = {https://www.ign.com/articles/best-selling-video-games-of-all-time-grand-theft-auto-minecraft-tetris}
}

@online{marioKart8,
  title   = {Página da Nintendo, Mario Kart 8 Deluxe},
  author  = {Nintendo},
  year    = {2017},
  urldate = {2024-12-10},
  url     = {https://www.nintendo.com/pt-br/store/products/mario-kart-8-deluxe-switch/}
}

@online{crashTeamRacing,
  title   = {Página da Wikipedia, Crash Team Racing},
  author  = {{Naughty Dog}},
  year    = {1999},
  urldate = {2024-12-10},
  url     = {https://en.wikipedia.org/wiki/Crash_Team_Racing}
}

@online{crashTeamRacingNitroFueled,
  title   = {Página da Playstation, Crash Team Racing Nitro-Fueled},
  author  = {Beenox},
  year    = {2019},
  urldate = {2024-12-10},
  url     = {https://store.playstation.com/pt-br/product/UP0002-CUSA13795_00-CRASHTEAMRACING1}
}

@online{sonicAllStars,
  title   = {Página da Steam, Sonic and All-Stars Racing Transformed},
  author  = {{Sumo Digital}},
  year    = {2013},
  month   = jan,
  urldate = {2024-12-10},
  url     = {https://store.steampowered.com/app/34190/Sonic__SEGA_AllStars_Racing/}
}

@online{blur,
  title   = {Página da Wikipedia, Blur},
  author  = {{Bizarre Creations}},
  year    = {2010},
  month   = aug,
  urldate = {2024-12-10},
  url     = {https://pt.wikipedia.org/wiki/Blur_(jogo_eletr%C3%B4nico)}
}

@online{rockAndRollRacing,
  title   = {Página da Wikipedia, Rock \& Roll Racing},
  author  = {{Blizzard Entertainment}},
  year    = {1993},
  urldate = {2024-12-10},
  url     = {https://pt.wikipedia.org/wiki/Rock_%26_Roll_Racing}
}

@online{graficos2.5D,
  title   = {Página da Wikipedia, Gráficos 2.5D},
  urldate = {2024-12-10},
  url     = {https://pt.wikipedia.org/wiki/2,5D_(computa%C3%A7%C3%A3o_gr%C3%A1fica)}
}

@online{marioWonder,
    title = {Página da Nintendo, Super Mario Bros. Wonder},
    author = {Nintendo},
    year = {2023},
    month = oct,
    urldate = {2024-12-14},
    url = {https://www.nintendo.com/pt-br/store/products/super-mario-bros-wonder-switch/}
}

@online{SAT:separatingAxisTheorem,
    title = {Collision Detection Using the Separating Axis Theorem},
    author = {Kah Shiu Chong},
    year = {2012},
    month = aug,
    urldate = {2024-12-09},
    url = {https://code.tutsplus.com/collision-detection-using-the-separating-axis-theorem--gamedev-169t}
}

@online{skybox,
    title = {Cubemaps \& Skybox},
    author = {Joey de Vries},
    urldate = {2024-12-15},
    url = {https://learnopengl.com/Advanced-OpenGL/Cubemaps}
}